@Manual{abind,
title = {{abind}: Combine Multidimensional Arrays},
  author = {Tony Plate and Richard Heiberger},
  year = {2016},
  note = {R package version 1.4-5},
  url = {https://CRAN.R-project.org/package=abind},
}
@Article{abmAnimalMovement,
title = {{abmAnimalMovement}: An R Package for Simulating Animal Movement Using an Agent-Based Model},
  author = {Benjamin Michael Marshall and Alexander Bradley Duthie},
  journal = {F1000},
  year = {2022},
  volume = {0},
  number = {0},
  pages = {0},
  url = {0},
}
@Article{ade42007a,
  title = {The {ade4} Package: Implementing the Duality Diagram for Ecologists},
  author = {St\'ephane Dray and Anne--B\'eatrice Dufour},
  journal = {Journal of Statistical Software},
  year = {2007},
  volume = {22},
  number = {4},
  pages = {1--20},
  doi = {10.18637/jss.v022.i04},
}

@Article{ade42018b,
  title = {Supervised Multiblock Analysis in {R} with the {ade4} Package},
  author = {St\'ephanie Bougeard and St\'ephane Dray},
  journal = {Journal of Statistical Software},
  year = {2018},
  volume = {86},
  number = {1},
  pages = {1--17},
  doi = {10.18637/jss.v086.i01},
}

@Article{ade42004c,
  title = {The {ade4} Package -- {I}: One-Table Methods},
  author = {Daniel Chessel and Anne-B\'eatrice Dufour and Jean Thioulouse},
  journal = {R News},
  year = {2004},
  volume = {4},
  number = {1},
  pages = {5--10},
  url = {https://cran.r-project.org/doc/Rnews/},
}

@Article{ade42007d,
  title = {The {ade4} Package -- {II}: Two-Table and {K}-Table Methods},
  author = {St\'ephane Dray and Anne-B\'eatrice Dufour and Daniel Chessel},
  journal = {R News},
  year = {2007},
  volume = {7},
  number = {2},
  pages = {47--52},
  url = {https://cran.r-project.org/doc/Rnews/},
}

@Book{ade42018e,
  title = {Multivariate Analysis of Ecological Data with {ade4}},
  author = {Jean Thioulouse and St\'ephane Dray and Anne--B\'eatrice Dufour and Aur\'elie Siberchicot and Thibaut Jombart and Sandrine Pavoine},
  year = {2018},
  publisher = {Springer},
  doi = {10.1007/978-1-4939-8850-1},
}
@Manual{adehabitatHR,
title = {{adehabitatHR}: Home Range Estimation},
  author = {Clement Calenge and contributions from Scott Fortmann-Roe},
  year = {2023},
  note = {R package version 0.4.21},
  url = {https://CRAN.R-project.org/package=adehabitatHR},
}
@Manual{adehabitatHS,
title = {{adehabitatHS}: Analysis of Habitat Selection by Animals},
  author = {Clement Calenge and contributions from Mathieu Basille},
  year = {2023},
  note = {R package version 0.3.17},
  url = {https://CRAN.R-project.org/package=adehabitatHS},
}
@Manual{adehabitatLT,
title = {{adehabitatLT}: Analysis of Animal Movements},
  author = {Clement Calenge and contributions from Stephane Dray and Manuela Royer},
  year = {2023},
  note = {R package version 0.3.27},
  url = {https://CRAN.R-project.org/package=adehabitatLT},
}
@Manual{adehabitatMA,
title = {{adehabitatMA}: Tools to Deal with Raster Maps},
  author = {Clement Calenge and contributions from Mathieu Basille},
  year = {2023},
  note = {R package version 0.3.16},
  url = {https://CRAN.R-project.org/package=adehabitatMA},
}
@Article{amt,
  title = {Animal movement tools (amt): R package for managing tracking data and conducting habitat selection analyses},
  author = {Johannes Signer and John Fieberg and Tal Avgar},
  journal = {Ecology and Evolution},
  year = {2019},
  volume = {9},
  pages = {880--890},
}
@Manual{arrayhelpers,
title = {{arrayhelpers}: Convenience Functions for Arrays},
  author = {C. Beleites},
  year = {2020},
  note = {R package version 1.1-0},
  url = {https://CRAN.R-project.org/package=arrayhelpers},
}
@Manual{askpass,
title = {{askpass}: Safe Password Entry for R, Git, and SSH},
  author = {Jeroen Ooms},
  year = {2019},
  note = {R package version 1.1},
  url = {https://CRAN.R-project.org/package=askpass},
}
@Manual{backports,
title = {{backports}: Reimplementations of Functions Introduced Since R-3.0.0},
  author = {Michel Lang and {R Core Team}},
  year = {2021},
  note = {R package version 1.4.1},
  url = {https://CRAN.R-project.org/package=backports},
}
@Manual{base64enc,
  title = {base64enc: Tools for base64 encoding},
  author = {Simon Urbanek},
  year = {2015},
  note = {R package version 0.1-3},
  url = {https://CRAN.R-project.org/package=base64enc},
}
@Manual{Bessel,
title = {{Bessel}: Computations and Approximations for Bessel Functions},
  author = {Martin Maechler},
  year = {2019},
  note = {R package version 0.6-0},
  url = {https://CRAN.R-project.org/package=Bessel},
}
@Manual{bookdown2023,
title = {{bookdown}: Authoring Books and Technical Documents with R Markdown},
  author = {Yihui Xie},
  year = {2023},
  note = {R package version 0.34},
  url = {https://github.com/rstudio/bookdown},
}

@Book{bookdown2016,
title = {{bookdown}: Authoring Books and Technical Documents with {R} Markdown},
  author = {Yihui Xie},
  publisher = {Chapman and Hall/CRC},
  address = {Boca Raton, Florida},
  year = {2016},
  isbn = {978-1138700109},
  url = {https://bookdown.org/yihui/bookdown},
}
@Manual{bslib,
title = {{bslib}: Custom `{Bootstrap}' `{Sass}' Themes for `{shiny}' and `{rmarkdown}'},
  author = {Carson Sievert and Joe Cheng},
  year = {2022},
  note = {R package version 0.4.2},
  url = {https://CRAN.R-project.org/package=bslib},
}
@Manual{cachem,
title = {{cachem}: Cache R Objects with Automatic Pruning},
  author = {Winston Chang},
  year = {2023},
  note = {R package version 1.0.8},
  url = {https://CRAN.R-project.org/package=cachem},
}
@Article{checkmate,
  title = {{checkmate}: Fast Argument Checks for Defensive {R} Programming},
  author = {Michel Lang},
  journal = {The R Journal},
  year = {2017},
  doi = {10.32614/RJ-2017-028},
  pages = {437--445},
  volume = {9},
  number = {1},
}
@Manual{CircStats,
title = {{CircStats}: Circular Statistics, from ``{Topics in Circular Statistics}'' (2001)},
  author = {S-plus original by Ulric Lund and R port by Claudio Agostinelli},
  year = {2018},
  note = {R package version 0.2-6},
  url = {https://CRAN.R-project.org/package=CircStats},
}
@Manual{circular,
  title = {{R} package \texttt{circular}: Circular Statistics (version 0.4-95)},
  author = {C. Agostinelli and U. Lund},
  address = {CA: Department of Environmental Sciences, Informatics
and Statistics, Ca' Foscari University, Venice, Italy. UL: Department of Statistics, California Polytechnic State University, San Luis Obispo, California, USA},
  year = {2022},
  url = {https://r-forge.r-project.org/projects/circular/},
}
@Manual{classInt,
title = {{classInt}: Choose Univariate Class Intervals},
  author = {Roger Bivand},
  year = {2023},
  note = {R package version 0.4-9},
  url = {https://CRAN.R-project.org/package=classInt},
}
@Manual{cli,
title = {{cli}: Helpers for Developing Command Line Interfaces},
  author = {Gábor Csárdi},
  year = {2023},
  note = {R package version 3.6.1},
  url = {https://CRAN.R-project.org/package=cli},
}
@Article{coda,
title = {{CODA}: Convergence Diagnosis and Output Analysis for MCMC},
  author = {Martyn Plummer and Nicky Best and Kate Cowles and Karen Vines},
  journal = {R News},
  year = {2006},
  volume = {6},
  number = {1},
  pages = {7--11},
  url = {https://journal.r-project.org/archive/},
  pdf = {https://www.r-project.org/doc/Rnews/Rnews_2006-1.pdf},
}
@Article{colorspace2020a,
  title = {{colorspace}: A Toolbox for Manipulating and Assessing Colors and Palettes},
  author = {Achim Zeileis and Jason C. Fisher and Kurt Hornik and Ross Ihaka and Claire D. McWhite and Paul Murrell and Reto Stauffer and Claus O. Wilke},
  journal = {Journal of Statistical Software},
  year = {2020},
  volume = {96},
  number = {1},
  pages = {1--49},
  doi = {10.18637/jss.v096.i01},
}

@Article{colorspace2009b,
  title = {Escaping {RGB}land: Selecting Colors for Statistical Graphics},
  author = {Achim Zeileis and Kurt Hornik and Paul Murrell},
  journal = {Computational Statistics \& Data Analysis},
  year = {2009},
  volume = {53},
  number = {9},
  pages = {3259--3270},
  doi = {10.1016/j.csda.2008.11.033},
}

@Article{colorspace2009c,
  title = {Somewhere over the Rainbow: How to Make Effective Use of Colors in Meteorological Visualizations},
  author = {Reto Stauffer and Georg J. Mayr and Markus Dabernig and Achim Zeileis},
  journal = {Bulletin of the American Meteorological Society},
  year = {2009},
  volume = {96},
  number = {2},
  pages = {203--216},
  doi = {10.1175/BAMS-D-13-00155.1},
}
@Manual{cpp11,
  title = {cpp11: A C++11 Interface for R's C Interface},
  author = {Jim Hester and Romain François},
  year = {2022},
  note = {R package version 0.4.3},
  url = {https://CRAN.R-project.org/package=cpp11},
}
@Manual{crul,
title = {{crul}: HTTP Client},
  author = {Scott Chamberlain},
  year = {2023},
  note = {R package version 1.4.0},
  url = {https://CRAN.R-project.org/package=crul},
}
@Manual{ctmm,
title = {{ctmm}: Continuous-Time Movement Modeling},
  author = {Christen H. Fleming and Justin M. Calabrese},
  year = {2023},
  note = {https://github.com/ctmm-initiative/ctmm,
https://groups.google.com/g/ctmm-user},
}
@Manual{curl,
title = {{curl}: A Modern and Flexible Web Client for R},
  author = {Jeroen Ooms},
  year = {2023},
  note = {R package version 5.0.0},
  url = {https://CRAN.R-project.org/package=curl},
}
@Manual{datatable,
title = {{data.table}: Extension of `{data.frame}'},
  author = {Matt Dowle and Arun Srinivasan},
  year = {2023},
  note = {R package version 1.14.8},
  url = {https://CRAN.R-project.org/package=data.table},
}
@Manual{DBI,
title = {{DBI}: R Database Interface},
  author = {{R Special Interest Group on Databases (R-SIG-DB)} and Hadley Wickham and Kirill Müller},
  year = {2022},
  note = {R package version 1.1.3},
  url = {https://CRAN.R-project.org/package=DBI},
}
@Manual{DEoptimR,
title = {{DEoptimR}: Differential Evolution Optimization in Pure R},
  author = {Eduardo L. T. Conceicao},
  year = {2023},
  note = {R package version 1.0-13},
  url = {https://CRAN.R-project.org/package=DEoptimR},
}
@Manual{digest,
title = {{digest}: Create Compact Hash Digests of R Objects},
  author = {Dirk Eddelbuettel with contributions by Antoine Lucas and Jarek Tuszynski and Henrik Bengtsson and Simon Urbanek and Mario Frasca and Bryan Lewis and Murray Stokely and Hannes Muehleisen and Duncan Murdoch and Jim Hester and Wush Wu and Qiang Kou and Thierry Onkelinx and Michel Lang and Viliam Simko and Kurt Hornik and Radford Neal and Kendon Bell and Matthew {de Queljoe} and Ion Suruceanu and Bill Denney and Dirk Schumacher and and Winston Chang.},
  year = {2022},
  note = {R package version 0.6.31},
  url = {https://CRAN.R-project.org/package=digest},
}
@Manual{distributional,
title = {{distributional}: Vectorised Probability Distributions},
  author = {Mitchell O'Hara-Wild and Matthew Kay and Alex Hayes},
  year = {2023},
  note = {R package version 0.3.2},
  url = {https://CRAN.R-project.org/package=distributional},
}
@Manual{dplyr,
title = {{dplyr}: A Grammar of Data Manipulation},
  author = {Hadley Wickham and Romain François and Lionel Henry and Kirill Müller and Davis Vaughan},
  year = {2023},
  note = {R package version 1.1.2},
  url = {https://CRAN.R-project.org/package=dplyr},
}
@Manual{e1071,
  title = {e1071: Misc Functions of the Department of Statistics, Probability
Theory Group (Formerly: E1071), TU Wien},
  author = {David Meyer and Evgenia Dimitriadou and Kurt Hornik and Andreas Weingessel and Friedrich Leisch},
  year = {2023},
  note = {R package version 1.7-13},
  url = {https://CRAN.R-project.org/package=e1071},
}
@Manual{ellipsis,
title = {{ellipsis}: Tools for Working with ...},
  author = {Hadley Wickham},
  year = {2021},
  note = {R package version 0.3.2},
  url = {https://CRAN.R-project.org/package=ellipsis},
}
@Manual{evaluate,
title = {{evaluate}: Parsing and Evaluation Tools that Provide More Details than the
Default},
  author = {Hadley Wickham and Yihui Xie},
  year = {2023},
  note = {R package version 0.21},
  url = {https://CRAN.R-project.org/package=evaluate},
}
@Manual{expm,
title = {{expm}: Matrix Exponential, Log, `{etc}'},
  author = {Martin Maechler and Christophe Dutang and Vincent Goulet},
  year = {2023},
  note = {R package version 0.999-7},
  url = {https://CRAN.R-project.org/package=expm},
}
@Manual{fansi,
title = {{fansi}: ANSI Control Sequence Aware String Functions},
  author = {Brodie Gaslam},
  year = {2023},
  note = {R package version 1.0.4},
  url = {https://CRAN.R-project.org/package=fansi},
}
@Manual{farver,
title = {{farver}: High Performance Colour Space Manipulation},
  author = {Thomas Lin Pedersen and Berendea Nicolae and Romain François},
  year = {2022},
  note = {R package version 2.1.1},
  url = {https://CRAN.R-project.org/package=farver},
}
@Manual{fastmap,
title = {{fastmap}: Fast Data Structures},
  author = {Winston Chang},
  year = {2023},
  note = {R package version 1.1.1},
  url = {https://CRAN.R-project.org/package=fastmap},
}
@Manual{fasttime,
title = {{fasttime}: Fast Utility Function for Time Parsing and Conversion},
  author = {Simon Urbanek},
  year = {2022},
  note = {R package version 1.1-0},
  url = {https://CRAN.R-project.org/package=fasttime},
}
@Article{fitdistrplus,
  title = {{fitdistrplus}: An {R} Package for Fitting Distributions},
  author = {Marie Laure Delignette-Muller and Christophe Dutang},
  journal = {Journal of Statistical Software},
  year = {2015},
  volume = {64},
  number = {4},
  pages = {1--34},
  doi = {10.18637/jss.v064.i04},
}
@Manual{FNN,
title = {{FNN}: Fast Nearest Neighbor Search Algorithms and Applications},
  author = {Alina Beygelzimer and Sham Kakadet and John Langford and Sunil Arya and David Mount and Shengqiao Li},
  year = {2023},
  note = {R package version 1.1.3.2},
  url = {https://CRAN.R-project.org/package=FNN},
}
@Manual{fontawesome,
title = {{fontawesome}: Easily Work with `{Font Awesome}' Icons},
  author = {Richard Iannone},
  year = {2023},
  note = {R package version 0.5.1},
  url = {https://CRAN.R-project.org/package=fontawesome},
}
@Manual{fs,
title = {{fs}: Cross-Platform File System Operations Based on `{libuv}'},
  author = {Jim Hester and Hadley Wickham and Gábor Csárdi},
  year = {2023},
  note = {R package version 1.6.2},
  url = {https://CRAN.R-project.org/package=fs},
}
@Manual{generics,
title = {{generics}: Common S3 Generics not Provided by Base R Methods Related to
Model Fitting},
  author = {Hadley Wickham and Max Kuhn and Davis Vaughan},
  year = {2022},
  note = {R package version 0.1.3},
  url = {https://CRAN.R-project.org/package=generics},
}
@Manual{geometries,
title = {{geometries}: Convert Between R Objects and Geometric Structures},
  author = {David Cooley},
  year = {2023},
  note = {R package version 0.2.2},
  url = {https://CRAN.R-project.org/package=geometries},
}
@Manual{geosphere,
title = {{geosphere}: Spherical Trigonometry},
  author = {Robert J. Hijmans},
  year = {2022},
  note = {R package version 1.5-18},
  url = {https://CRAN.R-project.org/package=geosphere},
}
@Manual{ggdist,
  title = {{ggdist}: Visualizations of Distributions and Uncertainty},
  author = {Matthew Kay},
  year = {2023},
  note = {R package version 3.3.0},
  url = {https://mjskay.github.io/ggdist/},
  doi = {10.5281/zenodo.3879620},
}
@Book{ggplot2,
  author = {Hadley Wickham},
  title = {ggplot2: Elegant Graphics for Data Analysis},
  publisher = {Springer-Verlag New York},
  year = {2016},
  isbn = {978-3-319-24277-4},
  url = {https://ggplot2.tidyverse.org},
}
@Manual{glue,
title = {{glue}: Interpreted String Literals},
  author = {Jim Hester and Jennifer Bryan},
  year = {2022},
  note = {R package version 1.6.2},
  url = {https://CRAN.R-project.org/package=glue},
}
@Manual{Gmedian,
title = {{Gmedian}: Geometric Median, k-Medians Clustering and Robust Median PCA},
  author = {Herve Cardot},
  year = {2022},
  note = {R package version 1.2.7},
  url = {https://CRAN.R-project.org/package=Gmedian},
}
@Manual{gmp,
title = {{gmp}: Multiple Precision Arithmetic},
  author = {Antoine Lucas and Immanuel Scholz and Rainer Boehme and Sylvain Jasson and Martin Maechler},
  year = {2023},
  note = {R package version 0.7-1},
  url = {https://CRAN.R-project.org/package=gmp},
}
@Manual{grateful,
title = {{grateful}: Facilitate citation of R packages},
  author = {{Francisco Rodríguez-Sánchez} and {Connor P. Jackson} and {Shaurita D. Hutchins}},
  year = {2023},
  url = {https://github.com/Pakillo/grateful},
}
@Article{gsl,
  title = {Special functions in R: introducing the gsl package},
  author = {Robin K. S. Hankin},
  journal = {R News},
  year = {2006},
  month = {October},
  volume = {6},
  issue = {4},
}
@Manual{gtable,
title = {{gtable}: Arrange `{Grobs}' in Tables},
  author = {Hadley Wickham and Thomas Lin Pedersen},
  year = {2023},
  note = {R package version 0.3.3},
  url = {https://CRAN.R-project.org/package=gtable},
}
@Manual{here,
title = {{here}: A Simpler Way to Find Your Files},
  author = {Kirill Müller},
  year = {2020},
  note = {R package version 1.0.1},
  url = {https://CRAN.R-project.org/package=here},
}
@Manual{highr,
title = {{highr}: Syntax Highlighting for R Source Code},
  author = {Yihui Xie and Yixuan Qiu},
  year = {2022},
  note = {R package version 0.10},
  url = {https://CRAN.R-project.org/package=highr},
}
@Manual{htmltools,
title = {{htmltools}: Tools for HTML},
  author = {Joe Cheng and Carson Sievert and Barret Schloerke and Winston Chang and Yihui Xie and Jeff Allen},
  year = {2023},
  note = {R package version 0.5.5},
  url = {https://CRAN.R-project.org/package=htmltools},
}
@Manual{httpcode,
title = {{httpcode}: `{HTTP}' Status Code Helper},
  author = {Scott Chamberlain},
  year = {2020},
  note = {R package version 0.3.0},
  url = {https://CRAN.R-project.org/package=httpcode},
}
@Manual{httr,
title = {{httr}: Tools for Working with URLs and HTTP},
  author = {Hadley Wickham},
  year = {2023},
  note = {R package version 1.4.6},
  url = {https://CRAN.R-project.org/package=httr},
}
@Manual{isoband,
title = {{isoband}: Generate Isolines and Isobands from Regularly Spaced Elevation
Grids},
  author = {Hadley Wickham and Claus O. Wilke and Thomas Lin Pedersen},
  year = {2022},
  note = {R package version 0.2.7},
  url = {https://CRAN.R-project.org/package=isoband},
}
@Manual{jquerylib,
title = {{jquerylib}: Obtain `{jQuery}' as an HTML Dependency Object},
  author = {Carson Sievert and Joe Cheng},
  year = {2021},
  note = {R package version 0.1.4},
  url = {https://CRAN.R-project.org/package=jquerylib},
}
@Article{jsonlite,
  title = {The jsonlite Package: A Practical and Consistent Mapping Between JSON Data and R Objects},
  author = {Jeroen Ooms},
  journal = {arXiv:1403.2805 [stat.CO]},
  year = {2014},
  url = {https://arxiv.org/abs/1403.2805},
}
@Manual{knitr2023,
title = {{knitr}: A General-Purpose Package for Dynamic Report Generation in R},
  author = {Yihui Xie},
  year = {2023},
  note = {R package version 1.42},
  url = {https://yihui.org/knitr/},
}

@Book{knitr2015,
  title = {Dynamic Documents with {R} and knitr},
  author = {Yihui Xie},
  publisher = {Chapman and Hall/CRC},
  address = {Boca Raton, Florida},
  year = {2015},
  edition = {2nd},
  note = {ISBN 978-1498716963},
  url = {https://yihui.org/knitr/},
}

@InCollection{knitr2014,
  booktitle = {Implementing Reproducible Computational Research},
  editor = {Victoria Stodden and Friedrich Leisch and Roger D. Peng},
title = {{knitr}: A Comprehensive Tool for Reproducible Research in {R}},
  author = {Yihui Xie},
  publisher = {Chapman and Hall/CRC},
  year = {2014},
  note = {ISBN 978-1466561595},
}
@Manual{labeling,
title = {{labeling}: Axis Labeling},
  author = {Justin Talbot,},
  year = {2020},
  note = {R package version 0.4.2},
  url = {https://CRAN.R-project.org/package=labeling},
}
@Manual{lifecycle,
title = {{lifecycle}: Manage the Life Cycle of your Package Functions},
  author = {Lionel Henry and Hadley Wickham},
  year = {2022},
  note = {R package version 1.0.3},
  url = {https://CRAN.R-project.org/package=lifecycle},
}
@Article{lubridate,
  title = {Dates and Times Made Easy with {lubridate}},
  author = {Garrett Grolemund and Hadley Wickham},
  journal = {Journal of Statistical Software},
  year = {2011},
  volume = {40},
  number = {3},
  pages = {1--25},
  url = {https://www.jstatsoft.org/v40/i03/},
}
@Manual{magrittr,
title = {{magrittr}: A Forward-Pipe Operator for R},
  author = {Stefan Milton Bache and Hadley Wickham},
  year = {2022},
  note = {R package version 2.0.3},
  url = {https://CRAN.R-project.org/package=magrittr},
}
@Manual{manipulate,
title = {{manipulate}: Interactive Plots for RStudio},
  author = {JJ Allaire},
  year = {2014},
  note = {R package version 1.0.1},
  url = {https://CRAN.R-project.org/package=manipulate},
}
@Manual{matrixStats,
title = {{matrixStats}: Functions that Apply to Rows and Columns of Matrices (and to
Vectors)},
  author = {Henrik Bengtsson},
  year = {2022},
  note = {R package version 0.63.0},
  url = {https://CRAN.R-project.org/package=matrixStats},
}
@Manual{memoise,
title = {{memoise}: `{Memoisation}' of Functions},
  author = {Hadley Wickham and Jim Hester and Winston Chang and Kirill Müller and Daniel Cook},
  year = {2021},
  note = {R package version 2.0.1},
  url = {https://CRAN.R-project.org/package=memoise},
}
@Manual{mime,
title = {{mime}: Map Filenames to MIME Types},
  author = {Yihui Xie},
  year = {2021},
  note = {R package version 0.12},
  url = {https://CRAN.R-project.org/package=mime},
}
@Manual{move,
title = {{move}: Visualizing and Analyzing Animal Track Data},
  author = {Bart Kranstauber and Marco Smolla and Anne K Scharf},
  year = {2023},
  note = {R package version 4.1.12},
  url = {https://CRAN.R-project.org/package=move},
}
@Manual{munsell,
title = {{munsell}: Utilities for Using Munsell Colours},
  author = {Charlotte Wickham},
  year = {2018},
  note = {R package version 0.5.0},
  url = {https://CRAN.R-project.org/package=munsell},
}
@Manual{mvtnorm2021,
  title = {{mvtnorm}: Multivariate Normal and t Distributions},
  author = {Alan Genz and Frank Bretz and Tetsuhisa Miwa and Xuefei Mi and Friedrich Leisch and Fabian Scheipl and Torsten Hothorn},
  year = {2021},
  note = {R package version 1.1-3},
  url = {https://CRAN.R-project.org/package=mvtnorm},
}

@Book{mvtnorm2009,
  title = {Computation of Multivariate Normal and t Probabilities},
  author = {Alan Genz and Frank Bretz},
  series = {Lecture Notes in Statistics},
  year = {2009},
  publisher = {Springer-Verlag},
  address = {Heidelberg},
  isbn = {978-3-642-01688-2},
}
@Manual{numDeriv,
title = {{numDeriv}: Accurate Numerical Derivatives},
  author = {Paul Gilbert and Ravi Varadhan},
  year = {2019},
  note = {R package version 2016.8-1.1},
  url = {https://CRAN.R-project.org/package=numDeriv},
}
@Manual{openssl,
title = {{openssl}: Toolkit for Encryption, Signatures and Certificates Based on
OpenSSL},
  author = {Jeroen Ooms},
  year = {2023},
  note = {R package version 2.0.6},
  url = {https://CRAN.R-project.org/package=openssl},
}
@Article{osfr,
  title = {{osfr}: An {R} Interface to the Open Science Framework},
  author = {Aaron R. Wolen and Chris H.J. Hartgerink and Ryan Hafen and Brian G. Richards and Courtney K. Soderberg and Timothy P. York},
  journal = {Journal of Open Source Software},
  year = {2020},
  volume = {5},
  number = {46},
  pages = {2071},
  url = {https://doi.org/10.21105/joss.02071},
  doi = {10.21105/joss.02071},
}
@Manual{pbivnorm,
title = {{pbivnorm}: Vectorized Bivariate Normal CDF},
  author = {Fortran code by Alan Genz. R code by Brenton Kenkel and based on Adelchi Azzalini's 'mnormt' package.},
  year = {2015},
  note = {R package version 0.6.0},
  url = {https://CRAN.R-project.org/package=pbivnorm},
}
@Manual{pillar,
title = {{pillar}: Coloured Formatting for Columns},
  author = {Kirill Müller and Hadley Wickham},
  year = {2023},
  note = {R package version 1.9.0},
  url = {https://CRAN.R-project.org/package=pillar},
}
@Manual{pixmap,
title = {{pixmap}: Bitmap Images / Pixel Maps},
  author = {Roger Bivand and Friedrich Leisch and Martin Maechler},
  year = {2021},
  note = {R package version 0.4-12},
  url = {https://CRAN.R-project.org/package=pixmap},
}
@Manual{pkgconfig,
title = {{pkgconfig}: Private Configuration for `{R}' Packages},
  author = {Gábor Csárdi},
  year = {2019},
  note = {R package version 2.0.3},
  url = {https://CRAN.R-project.org/package=pkgconfig},
}
@Misc{posterior2023,
title = {{posterior}: Tools for Working with Posterior Distributions},
  author = {Paul-Christian Bürkner and Jonah Gabry and Matthew Kay and Aki Vehtari},
  year = {2023},
  note = {R package version 1.4.1},
  url = {https://mc-stan.org/posterior/},
}

@Article{posterior2021,
  title = {Rank-normalization, folding, and localization: An improved Rhat
for assessing convergence of MCMC (with discussion)},
  author = {Aki Vehtari and Andrew Gelman and Daniel Simpson and Bob Carpenter and Paul-Christian Bürkner},
  year = {2021},
  journal = {Bayesian Analysis},
}
@Manual{pracma,
title = {{pracma}: Practical Numerical Math Functions},
  author = {Hans W. Borchers},
  year = {2022},
  note = {R package version 2.4.2},
  url = {https://CRAN.R-project.org/package=pracma},
}
@Manual{proxy,
title = {{proxy}: Distance and Similarity Measures},
  author = {David Meyer and Christian Buchta},
  year = {2022},
  note = {R package version 0.4-27},
  url = {https://CRAN.R-project.org/package=proxy},
}
@Manual{purrr,
title = {{purrr}: Functional Programming Tools},
  author = {Hadley Wickham and Lionel Henry},
  year = {2023},
  note = {R package version 1.0.1},
  url = {https://CRAN.R-project.org/package=purrr},
}
@Manual{qs,
title = {{qs}: Quick Serialization of R Objects},
  author = {Travers Ching},
  year = {2023},
  note = {R package version 0.25.5},
  url = {https://CRAN.R-project.org/package=qs},
}
@Manual{quadprog,
title = {{quadprog}: Functions to Solve Quadratic Programming Problems},
  author = {S original by Berwin A. Turlach R port by Andreas Weingessel <Andreas.Weingessel@ci.tuwien.ac.at> Fortran contributions from Cleve Moler dpodi/LINPACK)},
  year = {2019},
  note = {R package version 1.5-8},
  url = {https://CRAN.R-project.org/package=quadprog},
}
@Manual{R6,
  title = {R6: Encapsulated Classes with Reference Semantics},
  author = {Winston Chang},
  year = {2021},
  note = {R package version 2.5.1},
  url = {https://CRAN.R-project.org/package=R6},
}
@Manual{RApiSerialize,
title = {{RApiSerialize}: R API Serialization},
  author = {Dirk Eddelbuettel and Ei-ji Nakama and Junji Nakano and R Core},
  year = {2022},
  note = {R package version 0.1.2},
  url = {https://CRAN.R-project.org/package=RApiSerialize},
}
@Manual{rappdirs,
title = {{rappdirs}: Application Directories: Determine Where to Save Data, Caches,
and Logs},
  author = {Sridhar Ratnakumar and Trent Mick and Trevor Davis},
  year = {2021},
  note = {R package version 0.3.3},
  url = {https://CRAN.R-project.org/package=rappdirs},
}
@Manual{raster,
title = {{raster}: Geographic Data Analysis and Modeling},
  author = {Robert J. Hijmans},
  year = {2023},
  note = {R package version 3.6-20},
  url = {https://CRAN.R-project.org/package=raster},
}
@Manual{rbibutils,
title = {{rbibutils}: Read `{Bibtex}' Files and Convert Between Bibliography Formats},
  author = {Georgi N. Boshnakov and Chris Putman},
  year = {2023},
  note = {R package version 2.2.13},
  url = {https://CRAN.R-project.org/package=rbibutils},
}
@Manual{RColorBrewer,
title = {{RColorBrewer}: ColorBrewer Palettes},
  author = {Erich Neuwirth},
  year = {2022},
  note = {R package version 1.1-3},
  url = {https://CRAN.R-project.org/package=RColorBrewer},
}
@Article{Rcpp2011,
  title = {{Rcpp}: Seamless {R} and {C++} Integration},
  author = {Dirk Eddelbuettel and Romain Fran\c{c}ois},
  journal = {Journal of Statistical Software},
  year = {2011},
  volume = {40},
  number = {8},
  pages = {1--18},
  doi = {10.18637/jss.v040.i08},
}

@Book{Rcpp2013,
  title = {Seamless {R} and {C++} Integration with {Rcpp}},
  author = {Dirk Eddelbuettel},
  publisher = {Springer},
  address = {New York},
  year = {2013},
  note = {ISBN 978-1-4614-6867-7},
  doi = {10.1007/978-1-4614-6868-4},
}

@Article{Rcpp2018,
  title = {{Extending 	extit{R} with 	extit{C++}: A Brief Introduction to 	extit{Rcpp}}},
  author = {Dirk Eddelbuettel and James Joseph Balamuta},
  journal = {The American Statistician},
  year = {2018},
  volume = {72},
  number = {1},
  pages = {28-36},
  doi = {10.1080/00031305.2017.1375990},
}
@Manual{RcppArmadillo2023,
title = {{RcppArmadillo}: `{Rcpp}' Integration for the `{Armadillo}' Templated Linear Algebra
Library},
  author = {Dirk Eddelbuettel and Romain Francois and Doug Bates and Binxiang Ni and Conrad Sanderson},
  year = {2023},
  note = {R package version 0.12.2.0.0},
  url = {https://CRAN.R-project.org/package=RcppArmadillo},
}

@Article{RcppArmadillo2014,
title = {{RcppArmadillo}: Accelerating R with high-performance C++ linear algebra},
  author = {Dirk Eddelbuettel and Conrad Sanderson},
  journal = {Computational Statistics and Data Analysis},
  year = {2014},
  volume = {71},
  month = {March},
  pages = {1054--1063},
  doi = {10.1016/j.csda.2013.02.005},
}
@Article{RcppEigen,
  title = {Fast and Elegant Numerical Linear Algebra Using the {RcppEigen} Package},
  author = {Douglas Bates and Dirk Eddelbuettel},
  journal = {Journal of Statistical Software},
  year = {2013},
  volume = {52},
  number = {5},
  pages = {1--24},
  doi = {10.18637/jss.v052.i05},
}
@Manual{RcppParallel,
title = {{RcppParallel}: Parallel Programming Tools for `{Rcpp}'},
  author = {JJ Allaire and Romain Francois and Kevin Ushey and Gregory Vandenbrouck and Marcus Geelnard and {Intel}},
  year = {2023},
  note = {R package version 5.1.7},
  url = {https://CRAN.R-project.org/package=RcppParallel},
}
@Misc{Rdpack,
  title = {{Rdpack}: Update and Manipulate Rd Documentation Objects},
  author = {Georgi N. Boshnakov},
  year = {2022},
  note = {R package version 2.4},
  doi = {10.5281/zenodo.3925612},
}
@Manual{remotes,
title = {{remotes}: R Package Installation from Remote Repositories, Including
`{GitHub}'},
  author = {Gábor Csárdi and Jim Hester and Hadley Wickham and Winston Chang and Martin Morgan and Dan Tenenbaum},
  year = {2021},
  note = {R package version 2.4.2},
  url = {https://CRAN.R-project.org/package=remotes},
}
@Manual{renv,
title = {{renv}: Project Environments},
  author = {Kevin Ushey},
  year = {2023},
  note = {R package version 0.17.3},
  url = {https://CRAN.R-project.org/package=renv},
}
@Manual{rgdal,
title = {{rgdal}: Bindings for the `{Geospatial}' Data Abstraction Library},
  author = {Roger Bivand and Tim Keitt and Barry Rowlingson},
  year = {2023},
  note = {R package version 1.6-6},
  url = {https://CRAN.R-project.org/package=rgdal},
}
@Manual{rlang,
title = {{rlang}: Functions for Base Types and Core R and `{Tidyverse}' Features},
  author = {Lionel Henry and Hadley Wickham},
  year = {2023},
  note = {R package version 1.1.1},
  url = {https://CRAN.R-project.org/package=rlang},
}
@Manual{rmarkdown2023,
title = {{rmarkdown}: Dynamic Documents for R},
  author = {JJ Allaire and Yihui Xie and Christophe Dervieux and Jonathan McPherson and Javier Luraschi and Kevin Ushey and Aron Atkins and Hadley Wickham and Joe Cheng and Winston Chang and Richard Iannone},
  year = {2023},
  note = {R package version 2.21},
  url = {https://github.com/rstudio/rmarkdown},
}

@Book{rmarkdown2018,
  title = {R Markdown: The Definitive Guide},
  author = {Yihui Xie and J.J. Allaire and Garrett Grolemund},
  publisher = {Chapman and Hall/CRC},
  address = {Boca Raton, Florida},
  year = {2018},
  isbn = {9781138359338},
  url = {https://bookdown.org/yihui/rmarkdown},
}

@Book{rmarkdown2020,
  title = {R Markdown Cookbook},
  author = {Yihui Xie and Christophe Dervieux and Emily Riederer},
  publisher = {Chapman and Hall/CRC},
  address = {Boca Raton, Florida},
  year = {2020},
  isbn = {9780367563837},
  url = {https://bookdown.org/yihui/rmarkdown-cookbook},
}
@Manual{Rmpfr,
title = {{Rmpfr}: R MPFR - Multiple Precision Floating-Point Reliable},
  author = {Martin Maechler},
  year = {2023},
  note = {R package version 0.9-2},
  url = {https://CRAN.R-project.org/package=Rmpfr},
}
@Manual{robustbase2023,
title = {{robustbase}: Basic Robust Statistics},
  author = {Martin Maechler and Peter Rousseeuw and Christophe Croux and Valentin Todorov and Andreas Ruckstuhl and Matias Salibian-Barrera and Tobias Verbeke and Manuel Koller and Eduardo L. T. Conceicao and Maria {Anna di Palma}},
  year = {2023},
  note = {R package version 0.95-1},
  url = {http://robustbase.r-forge.r-project.org/},
  url = {http://robustbase.r-forge.r-project.org/},
}

@Article{robustbase2009,
  title = {An Object-Oriented Framework for Robust Multivariate Analysis},
  author = {Valentin Todorov and Peter Filzmoser},
  journal = {Journal of Statistical Software},
  year = {2009},
  volume = {32},
  number = {3},
  pages = {1--47},
  url = {https://www.jstatsoft.org/article/view/v032i03/},
}
@Manual{rprojroot,
title = {{rprojroot}: Finding Files in Project Subdirectories},
  author = {Kirill Müller},
  year = {2022},
  note = {R package version 2.0.3},
  url = {https://CRAN.R-project.org/package=rprojroot},
}
@Manual{RSpectra,
title = {{RSpectra}: Solvers for Large-Scale Eigenvalue and SVD Problems},
  author = {Yixuan Qiu and Jiali Mei},
  year = {2022},
  note = {R package version 0.16-1},
  url = {https://CRAN.R-project.org/package=RSpectra},
}
@Manual{rstudioapi,
title = {{rstudioapi}: Safely Access the RStudio API},
  author = {Kevin Ushey and JJ Allaire and Hadley Wickham and Gary Ritchie},
  year = {2022},
  note = {R package version 0.14},
  url = {https://CRAN.R-project.org/package=rstudioapi},
}
@Manual{s2,
  title = {s2: Spherical Geometry Operators Using the S2 Geometry Library},
  author = {Dewey Dunnington and Edzer Pebesma and Ege Rubak},
  year = {2023},
  note = {R package version 1.1.4},
  url = {https://CRAN.R-project.org/package=s2},
}
@Manual{sass,
title = {{sass}: Syntactically Awesome Style Sheets (`{Sass}')},
  author = {Joe Cheng and Timothy Mastny and Richard Iannone and Barret Schloerke and Carson Sievert},
  year = {2023},
  note = {R package version 0.4.6},
  url = {https://CRAN.R-project.org/package=sass},
}
@Manual{scales,
title = {{scales}: Scale Functions for Visualization},
  author = {Hadley Wickham and Dana Seidel},
  year = {2022},
  note = {R package version 1.2.1},
  url = {https://CRAN.R-project.org/package=scales},
}
@Article{sf2018,
  author = {Edzer Pebesma},
  title = {{Simple Features for R: Standardized Support for Spatial Vector Data}},
  year = {2018},
  journal = {{The R Journal}},
  doi = {10.32614/RJ-2018-009},
  url = {https://doi.org/10.32614/RJ-2018-009},
  pages = {439--446},
  volume = {10},
  number = {1},
}

@Book{sf2023,
  author = {Edzer Pebesma and Roger Bivand},
  title = {{Spatial Data Science: With applications in R}},
  year = {2023},
  publisher = {{Chapman and Hall/CRC}},
  url = {https://r-spatial.org/book/},
  pages = {352},
}
@Manual{sfheaders,
title = {{sfheaders}: Converts Between R Objects and Simple Feature Objects},
  author = {David Cooley},
  year = {2023},
  note = {R package version 0.4.2},
  url = {https://CRAN.R-project.org/package=sfheaders},
}
@Manual{shape,
title = {{shape}: Functions for Plotting Graphical Shapes, Colors},
  author = {Karline Soetaert},
  year = {2021},
  note = {R package version 1.4.6},
  url = {https://CRAN.R-project.org/package=shape},
}
@Article{sp2005,
  author = {Edzer J. Pebesma and Roger S. Bivand},
  title = {Classes and methods for spatial data in {R}},
  journal = {R News},
  year = {2005},
  volume = {5},
  number = {2},
  pages = {9--13},
  month = {November},
  url = {https://CRAN.R-project.org/doc/Rnews/},
}

@Book{sp2013,
  author = {Roger S. Bivand and Edzer Pebesma and Virgilio Gomez-Rubio},
  title = {Applied spatial data analysis with {R}, Second edition},
  year = {2013},
  publisher = {Springer, NY},
  url = {https://asdar-book.org/},
}
@Article{statmod2016a,
  author = {Goknur Giner and Gordon K. Smyth},
  year = {2016},
title = {{statmod}: probability calculations for the inverse Gaussian distribution},
  journal = {R Journal},
  volume = {8},
  number = {1},
  pages = {339-351},
}

@Article{statmod2010b,
  author = {Belinda Phipson and Gordon K. Smyth},
  year = {2010},
  title = {Permutation p-values should never be zero: calculating exact p-values when permutations are randomly drawn},
  journal = {Statistical Applications in Genetics and Molecular Biology},
  volume = {9},
  number = {1},
  pages = {Article 39},
}

@Article{statmod2009c,
  author = {Yifang Hu and Gordon K. Smyth},
  year = {2009},
title = {{ELDA}: extreme limiting dilution analysis for comparing depleted and enriched populations in stem cell and other assays},
  journal = {Journal of Immunological Methods},
  volume = {347},
  number = {1},
  pages = {70-78},
}

@Article{statmod2005d,
  author = {Gordon K. Smyth},
  title = {Optimization and nonlinear equations},
  journal = {Encyclopedia of Biostatistics},
  year = {2005},
  publisher = {John Wiley and Sons, Ltd},
  pages = {3088-3095},
}

@Article{statmod2005e,
  author = {Gordon K. Smyth},
  title = {Numerical integration},
  journal = {Encyclopedia of Biostatistics},
  year = {2005},
  publisher = {John Wiley and Sons, Ltd},
  pages = {3088-3095},
}

@Article{statmod2002f,
  author = {Gordon K. Smyth},
  year = {2002},
  title = {An efficient algorithm for REML in heteroscedastic regression},
  journal = {Journal of Computational and Graphical Statistics},
  volume = {11},
  pages = {836-847},
}

@Article{statmod1996g,
  author = {Peter K. Dunn and Gordon K. Smyth},
  year = {1996},
  title = {Randomized quantile residuals},
  journal = {J. Comput. Graph. Statist},
  volume = {5},
  pages = {236-244},
}
@Manual{stringfish,
title = {{stringfish}: Alt String Implementation},
  author = {Travers Ching},
  year = {2022},
  note = {R package version 0.15.7},
  url = {https://CRAN.R-project.org/package=stringfish},
}
@Article{stringi,
  title = {{stringi}: {F}ast and portable character string processing in {R}},
  author = {Marek Gagolewski},
  journal = {Journal of Statistical Software},
  year = {2022},
  volume = {103},
  number = {2},
  pages = {1--59},
  doi = {10.18637/jss.v103.i02},
}
@Manual{stringr,
title = {{stringr}: Simple, Consistent Wrappers for Common String Operations},
  author = {Hadley Wickham},
  year = {2022},
  note = {R package version 1.5.0},
  url = {https://CRAN.R-project.org/package=stringr},
}
@Manual{svUnit,
  title = {SciViews-R},
  author = {Philippe Grosjean},
  organization = {UMONS},
  address = {MONS, Belgium},
  year = {2023},
  url = {https://www.sciviews.org/SciViews-R/},
}
@Manual{sys,
title = {{sys}: Powerful and Reliable Tools for Running System Commands in R},
  author = {Jeroen Ooms},
  year = {2023},
  note = {R package version 3.4.2},
  url = {https://CRAN.R-project.org/package=sys},
}
@Manual{tensorA,
title = {{tensorA}: Advanced Tensor Arithmetic with Named Indices},
  author = {K. Gerald {van den Boogaart}},
  year = {2020},
  note = {R package version 0.36.2},
  url = {https://CRAN.R-project.org/package=tensorA},
}
@Manual{terra,
title = {{terra}: Spatial Data Analysis},
  author = {Robert J. Hijmans},
  year = {2023},
  note = {R package version 1.7-29},
  url = {https://CRAN.R-project.org/package=terra},
}
@Manual{tibble,
title = {{tibble}: Simple Data Frames},
  author = {Kirill Müller and Hadley Wickham},
  year = {2023},
  note = {R package version 3.2.1},
  url = {https://CRAN.R-project.org/package=tibble},
}
@Manual{tidybayes,
  title = {{tidybayes}: Tidy Data and Geoms for {Bayesian} Models},
  author = {Matthew Kay},
  year = {2023},
  note = {R package version 3.0.4},
  url = {http://mjskay.github.io/tidybayes/},
  doi = {10.5281/zenodo.1308151},
}
@Manual{tidyr,
title = {{tidyr}: Tidy Messy Data},
  author = {Hadley Wickham and Davis Vaughan and Maximilian Girlich},
  year = {2023},
  note = {R package version 1.3.0},
  url = {https://CRAN.R-project.org/package=tidyr},
}
@Manual{tidyselect,
title = {{tidyselect}: Select from a Set of Strings},
  author = {Lionel Henry and Hadley Wickham},
  year = {2022},
  note = {R package version 1.2.0},
  url = {https://CRAN.R-project.org/package=tidyselect},
}
@Manual{timechange,
title = {{timechange}: Efficient Manipulation of Date-Times},
  author = {Vitalie Spinu},
  year = {2023},
  note = {R package version 0.2.0},
  url = {https://CRAN.R-project.org/package=timechange},
}
@Manual{tinytex2023,
title = {{tinytex}: Helper Functions to Install and Maintain TeX Live, and Compile
LaTeX Documents},
  author = {Yihui Xie},
  year = {2023},
  note = {R package version 0.45},
  url = {https://github.com/rstudio/tinytex},
}

@Article{tinytex2019,
title = {{TinyTeX}: A lightweight, cross-platform, and easy-to-maintain LaTeX distribution based on TeX Live},
  author = {Yihui Xie},
  journal = {TUGboat},
  year = {2019},
  volume = {40},
  number = {1},
  pages = {30--32},
  url = {https://tug.org/TUGboat/Contents/contents40-1.html},
}
@Manual{triebeard,
title = {{triebeard}: `{Radix}' Trees in `{Rcpp}'},
  author = {Os Keyes and Drew Schmidt and Yuuki Takano},
  year = {2023},
  note = {R package version 0.4.1},
  url = {https://CRAN.R-project.org/package=triebeard},
}
@Article{units,
  title = {Measurement Units in {R}},
  author = {Edzer Pebesma and Thomas Mailund and James Hiebert},
  year = {2016},
  journal = {R Journal},
  doi = {10.32614/RJ-2016-061},
  pages = {486--494},
  volume = {8},
  number = {2},
}
@Manual{urltools,
title = {{urltools}: Vectorised Tools for URL Handling and Parsing},
  author = {Os Keyes and Jay Jacobs and Drew Schmidt and Mark Greenaway and Bob Rudis and Alex Pinto and Maryam Khezrzadeh and Peter Meilstrup and Adam M. Costello and Jeff Bezanson and Peter Meilstrup and Xueyuan Jiang},
  year = {2019},
  note = {R package version 1.7.3},
  url = {https://CRAN.R-project.org/package=urltools},
}
@Manual{utf8,
  title = {utf8: Unicode Text Processing},
  author = {Patrick O. Perry},
  year = {2023},
  note = {R package version 1.2.3},
  url = {https://CRAN.R-project.org/package=utf8},
}
@Manual{vctrs,
title = {{vctrs}: Vector Helpers},
  author = {Hadley Wickham and Lionel Henry and Davis Vaughan},
  year = {2023},
  note = {R package version 0.6.2},
  url = {https://CRAN.R-project.org/package=vctrs},
}
@Manual{viridisLite,
  title = {{viridis(Lite)} - Colorblind-Friendly Color Maps for R},
  author = {{Garnier} and {Simon} and {Ross} and {Noam} and {Rudis} and {Robert} and {Camargo} and Antônio Pedro and {Sciaini} and {Marco} and {Scherer} and {Cédric}},
  year = {2023},
  note = {viridisLite package version 0.4.2},
  url = {https://sjmgarnier.github.io/viridis/},
  doi = {10.5281/zenodo.4678327},
}
@Manual{withr,
title = {{withr}: Run Code `{With}' Temporarily Modified Global State},
  author = {Jim Hester and Lionel Henry and Kirill Müller and Kevin Ushey and Hadley Wickham and Winston Chang},
  year = {2022},
  note = {R package version 2.5.0},
  url = {https://CRAN.R-project.org/package=withr},
}
@Manual{wk,
title = {{wk}: Lightweight Well-Known Geometry Parsing},
  author = {Dewey Dunnington and Edzer Pebesma},
  year = {2023},
  note = {R package version 0.7.3},
  url = {https://CRAN.R-project.org/package=wk},
}
@Manual{xfun,
title = {{xfun}: Supporting Functions for Packages Maintained by `{Yihui Xie}'},
  author = {Yihui Xie},
  year = {2023},
  note = {R package version 0.39},
  url = {https://CRAN.R-project.org/package=xfun},
}
@Manual{xml2,
  title = {xml2: Parse XML},
  author = {Hadley Wickham and Jim Hester and Jeroen Ooms},
  year = {2023},
  note = {R package version 1.3.4},
  url = {https://CRAN.R-project.org/package=xml2},
}
@Manual{yaml,
title = {{yaml}: Methods to Convert R Data to YAML and Back},
  author = {Shawn P Garbett and Jeremy Stephens and Kirill Simonov and Yihui Xie and Zhuoer Dong and Hadley Wickham and Jeffrey Horner and {reikoch} and Will Beasley and Brendan O'Connor and Gregory R. Warnes and Michael Quinn and Zhian N. Kamvar},
  year = {2023},
  note = {R package version 2.3.7},
  url = {https://CRAN.R-project.org/package=yaml},
}
@Manual{rstudio,
title = {{RStudio}: Integrated Development Environment for R},
  author = {{RStudio Team}},
  organization = {RStudio, PBC},
  address = {Boston, MA},
  year = {2022},
  url = {http://www.rstudio.com/},
}
